@Misc{KTZ,
  author = 	 {Valentina Dagienė and Gintautas Grigas and Tatjana Jevsikova},
  title = 	 {Anglų–lietuvių kalbų kom\-piuterijos žodynas},
  year = 	 2012,
  note = 	 {\newline \url{http://ims.mii.lt/ALK\%C5\%BD/}},
  annote = 	 {III leidimas},
  howpublished = {Vilniaus universitetas. Matematikos ir informatikos institutas}}

@Manual{LinuxCom,
  title = 	 {Linux in a Nutshell. Linux Command Directory},
  organization = {O'Reilly Media, Inc.},
  edition = 	 {5th Edition},
  year = 	 2014,
  note = 	 {\url{http://www.linuxdevcenter.com/cmd/}}}



@Misc{GnuPlot,
  key  =         {Gnuplot},
  title = 	 {Gnuplot homepage},
  month = 	 {November},
  year = 	 2014,
  note = 	 {\url{http://www.gnuplot.info/}}}

@Misc{Eurostat,
  author = 	 {European Commission. Eurostat.},
  title = 	 {Browse / Search database},
  year = 	 2014,
  note = 	 {\url{http://epp.eurostat.ec.europa.eu/portal/page/portal/statistics/search_database}}}


@Book{Cormen,
  author = 	 {Thomas H. Cormen and Charles E. Leiserson and Ronald L. Rivest and Clif\mbox{}ford Stein},
  title = 	 "{Introduction to Algorihms}",
  publisher = 	 {The MIT Press},
  year = 	 2009,
  edition = 	 {3rd}}

@Book{Spatial,
  author = 	 {Philippe Rigaux and Michel Scholl and Agnes Voisard},
  title = 	 "{Spatial Databases with Application to GIS}",
  publisher = 	 {Morgan Kaufmann Publishers},
  year = 	 2002}

@Misc{dblp,
  key  =        {dblp},
  title = 	 "{dblp. Computer Science Bibliography}",
  note = 	 {\url{http://dblp.uni-trier.de/db/}}}

@article{SSJ14,
  author    = {Darius Sidlauskas and
               Simonas Saltenis and
               Christian S. Jensen},
  title     = {Processing of extreme moving-object update and query workloads in
               main memory},
  journal   = {{VLDB} J.},
  volume    = {23},
  number    = {5},
  pages     = {817--841},
  year      = {2014}
}

@inproceedings{SJK03,
  author    = {Laurynas Speicys and
               Christian S. Jensen and
               Augustas Kligys},
  title     = {Computational data modeling for network-constrained moving objects},
  booktitle = {{ACM-GIS} 2003, Proceedings of the Eleventh {ACM} International Symposium
               on Advances in Geographic Information Systems, New Orleans, Louisiana,
               USA, November 7-8, 2003},
  pages     = {118--125},
  year      = {2003}
}
